<?xml version="1.0" encoding="UTF-8"?><collection xmlns="http://www.loc.gov/MARC21/slim"><record><leader>00470nam--2200145-i-4500</leader><controlfield tag="001">000018569</controlfield><controlfield tag="002">20161230</controlfield><controlfield tag="005">20170127201713</controlfield><controlfield tag="008">060222s1000------------r-----000-0-eng-d</controlfield><datafield ind1=" " ind2=" " tag="245"><subfield code="a">Principles of self-organization. Trasactions of the University of Illinois symposium on self-organization Robert Allerton Park, 8-9 June, 1961</subfield></datafield><datafield ind1=" " ind2=" " tag="260"><subfield code="a">Oxford</subfield><subfield code="b">Pergamon Press</subfield><subfield code="c">1962</subfield></datafield><datafield ind1=" " ind2=" " tag="300"><subfield code="a">XVIII + 541 p</subfield></datafield><datafield ind1=" " ind2=" " tag="700"><subfield code="a">Zopf, G. W</subfield></datafield><datafield ind1=" " ind2=" " tag="852"><subfield code="a">17494</subfield></datafield><datafield ind1=" " ind2=" " tag="CAT"><subfield code="a">SYS</subfield><subfield code="c">20170127</subfield><subfield code="h">201713</subfield></datafield></record></collection>